
    <zs:record>
      <zs:recordSchema/>
      <zs:recordPacking>xml</zs:recordPacking>
      <zs:recordData>
        <record xmlns="http://www.loc.gov/MARC21/slim">
          <leader>01936cam a22003731  4500</leader>
          <controlfield tag="001">7253825</controlfield>
          <controlfield tag="005">20060629090715.0</controlfield>
          <controlfield tag="007">cr |||||||||||</controlfield>
          <controlfield tag="008">821217s1884    stkbf         000 0 eng  </controlfield>
          <datafield tag="906" ind1=" " ind2=" ">
            <subfield code="a">7</subfield>
            <subfield code="b">cbc</subfield>
            <subfield code="c">premver</subfield>
            <subfield code="d">u</subfield>
            <subfield code="e">ncip</subfield>
            <subfield code="f">19</subfield>
            <subfield code="g">y-gencatlg</subfield>
          </datafield>
          <datafield tag="035" ind1=" " ind2=" ">
            <subfield code="9">(DLC)rc 01000849</subfield>
          </datafield>
          <datafield tag="010" ind1=" " ind2=" ">
            <subfield code="a">rc 01000849 </subfield>
          </datafield>
          <datafield tag="040" ind1=" " ind2=" ">
            <subfield code="a">DLC</subfield>
            <subfield code="c">CarP</subfield>
            <subfield code="d">DLC</subfield>
          </datafield>
          <datafield tag="043" ind1=" " ind2=" ">
            <subfield code="a">n-us-ca</subfield>
          </datafield>
          <datafield tag="050" ind1="0" ind2="0">
            <subfield code="a">F866</subfield>
            <subfield code="b">.G66</subfield>
          </datafield>
          <datafield tag="100" ind1="1" ind2=" ">
            <subfield code="a">Gordon Cumming, C. F.</subfield>
            <subfield code="q">(Constance Frederica),</subfield>
            <subfield code="d">1837-1924.</subfield>
          </datafield>
          <datafield tag="245" ind1="1" ind2="0">
            <subfield code="a">Granite crags;</subfield>
            <subfield code="c">by C.F. Gordon Cumming ...</subfield>
          </datafield>
          <datafield tag="260" ind1=" " ind2=" ">
            <subfield code="a">Edinburgh,</subfield>
            <subfield code="a">London,</subfield>
            <subfield code="b">W. Blackwood and sons,</subfield>
            <subfield code="c">1884.</subfield>
          </datafield>
          <datafield tag="300" ind1=" " ind2=" ">
            <subfield code="a">viii p., 1 l., 384 p.</subfield>
            <subfield code="b">front., plates, fold. map.</subfield>
            <subfield code="c">21 cm.</subfield>
          </datafield>
          <datafield tag="500" ind1=" " ind2=" ">
            <subfield code="a">Travels in California.</subfield>
          </datafield>
          <datafield tag="520" ind1=" " ind2=" ">
            <subfield code="a">Constance Frederica Gordon-Cumming (1837-1924) was an Englishwoman who sailed from Tahiti to San Francisco in April 1878 and remained in California for five months. Granite crags (1884) is a volume of her travel letters detailing visits to San Rafael, the redwood forsets, the San Joaquín and Sacramento Valleys, Yosemite, Oakland, and Tulare Lake. She evinces great interest in hydraulic mining operations and quartz mining near Sonora and the Stanislaus River and gives special attention to the region's botany and agriculture as well as recounting tales of the Gold Rush and San Francisco in the lawless 1850s.</subfield>
          </datafield>
          <datafield tag="530" ind1=" " ind2=" ">
            <subfield code="a">Also available in digital form on the Library of Congress Web site.</subfield>
          </datafield>
          <datafield tag="540" ind1=" " ind2=" ">
            <subfield code="a">No known restrictions on publication.</subfield>
          </datafield>
          <datafield tag="651" ind1=" " ind2="0">
            <subfield code="a">California</subfield>
            <subfield code="x">Description and travel.</subfield>
          </datafield>
          <datafield tag="651" ind1=" " ind2="0">
            <subfield code="a">Yosemite Valley (Calif.)</subfield>
          </datafield>
          <datafield tag="650" ind1=" " ind2="0">
            <subfield code="a">Law</subfield>
            <subfield code="x">Political aspects</subfield>
            <subfield code="z">California.</subfield>
          </datafield>
          <datafield tag="650" ind1=" " ind2="0">
            <subfield code="a">Mines and mineral resources</subfield>
            <subfield code="z">California.</subfield>
          </datafield>
          <datafield tag="650" ind1=" " ind2="0">
            <subfield code="a">Agriculture</subfield>
            <subfield code="z">California.</subfield>
          </datafield>
          <datafield tag="650" ind1=" " ind2="0">
            <subfield code="a">Business</subfield>
            <subfield code="z">California.</subfield>
          </datafield>
          <datafield tag="856" ind1="4" ind2="1">
            <subfield code="d">calbk</subfield>
            <subfield code="f">127</subfield>
            <subfield code="q">t</subfield>
            <subfield code="u">http://hdl.loc.gov/loc.gdc/calbk.127</subfield>
          </datafield>
          <datafield tag="985" ind1=" " ind2=" ">
            <subfield code="a">gc/calbk</subfield>
            <subfield code="e">ammem</subfield>
          </datafield>
          <datafield tag="985" ind1=" " ind2=" ">
            <subfield code="a">pmpull</subfield>
            <subfield code="e">ammem</subfield>
          </datafield>
          <datafield tag="985" ind1=" " ind2=" ">
            <subfield code="f">ce03</subfield>
          </datafield>
          <datafield tag="991" ind1=" " ind2=" ">
            <subfield code="b">c-GenColl</subfield>
            <subfield code="h">F866</subfield>
            <subfield code="i">.G66</subfield>
            <subfield code="p">00019363132</subfield>
            <subfield code="t">Copy 1</subfield>
            <subfield code="w">PREM</subfield>
          </datafield>
        </record>
      </zs:recordData>
      <zs:recordPosition>4</zs:recordPosition>
    </zs:record>